<record><leader>00000cas a22000007a 4500</leader><controlfield tag="001">11175946</controlfield><controlfield tag="008">840920d18641871inuwr ne      0    0eng d</controlfield><datafield ind1=" " ind2=" " tag="010"><subfield code="a">sn 84038010 </subfield></datafield><datafield ind1=" " ind2=" " tag="040"><subfield code="a">NPX</subfield><subfield code="b">eng</subfield><subfield code="c">NPX</subfield><subfield code="d">NPI</subfield><subfield code="d">OCLCQ</subfield></datafield><datafield ind1=" " ind2=" " tag="042"><subfield code="a">msc</subfield></datafield><datafield ind1="0" ind2="0" tag="245"><subfield code="a">Princeton union clarion.</subfield></datafield><datafield ind1=" " ind2=" " tag="260"><subfield code="a">Princeton, Ind. :</subfield><subfield code="b">Andrew J. Calkins,</subfield><subfield code="c">-1871.</subfield></datafield><datafield ind1=" " ind2=" " tag="300"><subfield code="a">v.</subfield></datafield><datafield ind1=" " ind2=" " tag="310"><subfield code="a">Weekly</subfield></datafield><datafield ind1="1" ind2=" " tag="362"><subfield code="a">Began in Sept. 1864.</subfield></datafield><datafield ind1="0" ind2=" " tag="362"><subfield code="a">-v. 25, no. 1 (Oct. 12, 1871).</subfield></datafield><datafield ind1=" " ind2=" " tag="588"><subfield code="a">Description based on: Vol. 18, no. 1 (Oct. 8, 1864).</subfield></datafield><datafield ind1=" " ind2=" " tag="752"><subfield code="a">United States</subfield><subfield code="b">Indiana</subfield><subfield code="c">Gibson</subfield><subfield code="d">Princeton.</subfield></datafield><datafield ind1="0" ind2="0" tag="780"><subfield code="t">Princeton clarion (Princeton, Ind. : 1855)</subfield><subfield code="w">(DLC)sn 86058862</subfield></datafield><datafield ind1="0" ind2="0" tag="785"><subfield code="t">Princeton clarion (Princeton, Ind. : 1871)</subfield><subfield code="w">(DLC)sn 84038008</subfield><subfield code="w">(OCoLC)11175854</subfield></datafield></record>